<record><leader>00000cas a22000007a 4500</leader><controlfield tag="001">24157167</controlfield><controlfield tag="008">910731d18901914ncudr ne      0    0eng d</controlfield><datafield ind1=" " ind2=" " tag="010"><subfield code="a">sn 91068257 </subfield></datafield><datafield ind1=" " ind2=" " tag="040"><subfield code="a">NVJ</subfield><subfield code="b">eng</subfield><subfield code="c">NVJ</subfield><subfield code="d">DLC</subfield><subfield code="d">OCL</subfield><subfield code="d">NVJ</subfield><subfield code="d">CRL</subfield><subfield code="d">OCLCF</subfield><subfield code="d">OCLCO</subfield></datafield><datafield ind1=" " ind2=" " tag="019"><subfield code="a">16927919</subfield></datafield><datafield ind1=" " ind2=" " tag="042"><subfield code="a">msc</subfield></datafield><datafield ind1=" " ind2=" " tag="043"><subfield code="a">n-us-nc</subfield></datafield><datafield ind1="0" ind2=" " tag="130"><subfield code="a">Charlotte news (Charlotte, N.C. : 1890)</subfield></datafield><datafield ind1="0" ind2="4" tag="245"><subfield code="a">The Charlotte news.</subfield></datafield><datafield ind1=" " ind2=" " tag="260"><subfield code="a">Charlotte, N.C. :</subfield><subfield code="b">Wade H. Harris,</subfield></datafield><datafield ind1=" " ind2=" " tag="300"><subfield code="a">v.</subfield></datafield><datafield ind1=" " ind2=" " tag="310"><subfield code="a">Daily,</subfield><subfield code="b">Feb. 10, 1910-May 8, 1914</subfield></datafield><datafield ind1=" " ind2=" " tag="321"><subfield code="a">Daily (except Sunday),</subfield><subfield code="b">Mar. 24, 1890-Feb. 9, 1910</subfield></datafield><datafield ind1="0" ind2=" " tag="362"><subfield code="a">Vol. 3, no. 402 (Mar. 24, 1890)-May 8, 1914.</subfield></datafield><datafield ind1=" " ind2=" " tag="515"><subfield code="a">Vol. numbering irregular.</subfield></datafield><datafield ind1=" " ind2=" " tag="530"><subfield code="a">Also available on microfilm from North Carolina Dept. of Archives and History, Division of Archives and Manuscripts.</subfield></datafield><datafield ind1=" " ind2="0" tag="651"><subfield code="a">Charlotte (N.C.)</subfield><subfield code="v">Newspapers.</subfield></datafield><datafield ind1=" " ind2="7" tag="655"><subfield code="a">Newspapers.</subfield><subfield code="2">fast</subfield><subfield code="0">(OCoLC)fst01423814</subfield></datafield><datafield ind1=" " ind2="7" tag="651"><subfield code="a">North Carolina</subfield><subfield code="z">Charlotte.</subfield><subfield code="2">fast</subfield><subfield code="0">(OCoLC)fst01204596</subfield></datafield><datafield ind1=" " ind2=" " tag="752"><subfield code="a">United States</subfield><subfield code="b">North Carolina</subfield><subfield code="c">Mecklenburg</subfield><subfield code="d">Charlotte.</subfield></datafield><datafield ind1="0" ind2="0" tag="780"><subfield code="t">Daily news (Charlotte, N.C.)</subfield><subfield code="w">(DLC)sn 93065756</subfield><subfield code="w">(OCoLC)27702601</subfield></datafield><datafield ind1="0" ind2="7" tag="785"><subfield code="t">Evening chronicle (Charlotte, N.C.)</subfield><subfield code="w">(DLC)sn 91068253</subfield><subfield code="w">(OCoLC)24090444</subfield></datafield><datafield ind1="0" ind2="7" tag="785"><subfield code="t">Charlotte news and evening chronicle</subfield><subfield code="w">(DLC)sn 91068256</subfield><subfield code="w">(OCoLC)24157148</subfield></datafield></record>